@manual{Anleitung,
  organization = {TU Dortmund, Fakult√§t Physik},
  title = {Anleitung zu V14 Tomographie},
  year = 2022
}



@article{Gilmore,
author = {Gilmore, Gordon R.},
year = {2008},
month = {04},
pages = {},
title = {Practical Gamma-Ray Spectrometry: Second Edition},
isbn = {9780470861967},
journal = {Practical Gamma-ray Spectrometry, 2nd Edition, by Gordon R. Gilmore. ISBN 978-0-470-86196-7. Published by Wiley-VCH Verlag, Wenheim, Germany, 2008.},
doi = {10.1002/9780470861981}
}

@misc{CS_Peak,
  title = {Table of Gamma rays},
  howpublished = {\url{https://atom.kaeri.re.kr/old/gamrays.html}},
  lastvisited = {2022-07-15}
}

@misc{XCOM,
  author = {Martin Berger and J Hubbell and Stephen Seltzer and J Coursey and D Zucker},
  title = {XCOM: Photon Cross Section Database (version 1.2)},
  year = {1999},
  month = {1999-01-01},
  publisher = {http://physics.nist.gov/xcom},
  howpublished = {\url{https://physics.nist.gov/PhysRefData/Xcom/html/xcom1.html}},
  lastvisited = {2022-07-15}
}


@article{constants,
  author = {Eite Tiesinga and Peter Mohr and David Newell and Barry Taylor},
  title = {CODATA Recommended Values of the Fundamental Physical Constants: 2018},
  year = {2021},
  number = {93},
  month = {2021-06-30 04:06:00},
  publisher = {Reviews of Modern Physics},
  url = {physics.nist.gov/constants},
  doi = {https://doi.org/10.1103/RevModPhys.93.025010},
  lastvisited = {2022-07-15}
}
